@Book{dbip,
  author = {DBIP},
  title = {DB-IP.com - ASAV (UNISINOS)},
  publisher = {https://db-ip.com/as19611},
  year = {2020}
}

@Book{fscommunity,
  author = 	 {FS-Community},
  title = 	 {Single Mode vs Multimode Fiber},
  publisher =    {https://community.fs.com/blog/single-mode-cabling-cost-vs-multimode-cabling-cost.html},
  year = 	 {2020}
}
